<record><leader>00000cas a22000007a 4500</leader><controlfield tag="001">23102364</controlfield><controlfield tag="008">910214d18691871nyuwr ne      0    0eng d</controlfield><datafield ind1=" " ind2=" " tag="010"><subfield code="a">sn 91066173 </subfield></datafield><datafield ind1=" " ind2=" " tag="040"><subfield code="a">NYS</subfield><subfield code="b">eng</subfield><subfield code="c">NYS</subfield><subfield code="d">OCLCQ</subfield></datafield><datafield ind1=" " ind2=" " tag="042"><subfield code="a">msc</subfield></datafield><datafield ind1="0" ind2="4" tag="245"><subfield code="a">The Family gazette.</subfield></datafield><datafield ind1=" " ind2=" " tag="260"><subfield code="a">Port Jervis, N.Y. :</subfield><subfield code="b">Gazette Print. Co.</subfield></datafield><datafield ind1=" " ind2=" " tag="300"><subfield code="a">v. ;</subfield><subfield code="c">50 cm.</subfield></datafield><datafield ind1=" " ind2=" " tag="310"><subfield code="a">Weekly</subfield></datafield><datafield ind1="0" ind2=" " tag="362"><subfield code="a">Vol. 1, no. 1 (May 27, 1869)-</subfield></datafield><datafield ind1="1" ind2=" " tag="362"><subfield code="a">Ceased in 1871.</subfield></datafield><datafield ind1=" " ind2=" " tag="580"><subfield code="a">Daily ed.: Evening gazette (Port Jervis, N.Y.).</subfield></datafield><datafield ind1=" " ind2=" " tag="588"><subfield code="a">Latest issue consulted: Feb. 23, 1871.</subfield></datafield><datafield ind1=" " ind2="4" tag="651"><subfield code="a">Port Jervis (N.Y.)</subfield><subfield code="v">Newspapers.</subfield></datafield><datafield ind1=" " ind2=" " tag="752"><subfield code="a">United States</subfield><subfield code="b">New York</subfield><subfield code="c">Orange</subfield><subfield code="d">Port Jervis.</subfield></datafield><datafield ind1="1" ind2=" " tag="775"><subfield code="t">Evening gazette (Port Jervis, N.Y.)</subfield><subfield code="w">(DLC)sn 83031647</subfield><subfield code="w">(OCoLC)9939897</subfield></datafield><datafield ind1="0" ind2="0" tag="785"><subfield code="t">Port Jervis weekly gazette</subfield><subfield code="w">(DLC)sn 83031646</subfield><subfield code="w">(OCoLC)9940081</subfield></datafield><datafield ind1="1" ind2=" " tag="029"><subfield code="a">AU@</subfield><subfield code="b">000025904573</subfield></datafield></record>